@article{EPOCH,
  author={T D Arber and K Bennett and C S Brady and A Lawrence-Douglas and M G Ramsay and N J Sircombe and P Gillies and R G Evans and H
Schmitz and A R Bell and C P Ridgers},
  title={Contemporary particle-in-cell approach to laser-plasma modelling},
  journal={Plasma Physics and Controlled Fusion},
  volume={57},
  number={11},
  pages={113001},
  year={2015},
  abstract={Particle-in-cell (PIC) methods have a long history in the study of laser-plasma interactions. Early electromagnetic codes used the Yee staggered grid for field variables combined with a leapfrog EM-field update and the Boris algorithm for particle pushing. The general properties of such schemes are well documented. Modern PIC codes tend to add to these high-order shape functions for particles, Poisson preserving field updates, collisions, ionisation, a hybrid scheme for solid density and high-field QED effects. In addition to these physics packages, the increase in computing power now allows simulations with real mass ratios, full 3D dynamics and multi-speckle interaction. This paper presents a review of the core algorithms used in current laser-plasma specific PIC codes. Also reported are estimates of self-heating rates, convergence of collisional routines and test of ionisation models which are not readily available elsewhere. Having reviewed the status of PIC algorithms we present a summary of recent applications of such codes in laser-plasma physics, concentrating on SRS, short-pulse laser-solid interactions, fast-electron transport, and QED effects.}
}

@article{esirkepov,
title = "Exact charge conservation scheme for Particle-in-Cell simulation with an arbitrary form-factor",
journal = "Computer Physics Communications",
volume = "135",
number = "2",
pages = "144 - 153",
year = "2001",
author = "T.Zh. Esirkepov",
}

@article{markidis,
  title={The energy conserving particle-in-cell method},
  author={Markidis, Stefano and Lapenta, Giovanni},
  journal={Journal of Computational Physics},
  volume={230},
  number={18},
  pages={7037--7052},
  year={2011},
  publisher={Elsevier}
}

@article{chen,
  title={An energy-and charge-conserving, implicit, electrostatic particle-in-cell algorithm},
  author={Chen, Guangye and Chac{\'o}n, Luis and Barnes, Daniel C},
  journal={Journal of Computational Physics},
  volume={230},
  number={18},
  pages={7018--7036},
  year={2011},
  publisher={Elsevier}
}

@article{villasenor,
  title={Rigorous charge conservation for local electromagnetic field solvers},
  author={Villasenor, John and Buneman, Oscar},
  journal={Computer Physics Communications},
  volume={69},
  number={2-3},
  pages={306--316},
  year={1992},
  publisher={Elsevier}
}

@book{birdsall,
  title={Plasma physics via computer simulation},
  author={Birdsall, Charles K and Langdon, A Bruce},
  year={2018},
  publisher={CRC press}
}

@inproceedings{boris,
  title={Relativistic plasma simulation-optimization of a hybrid code},
  author={Boris, Jay P},
  booktitle={Proc. Fourth Conf. Num. Sim. Plasmas},
  pages={3--67},
  year={1970}
}

@article{yee,
  title={Numerical solution of initial boundary value problems involving Maxwell's equations in isotropic media},
  author={Yee, Kane},
  journal={IEEE Transactions on antennas and propagation},
  volume={14},
  number={3},
  pages={302--307},
  year={1966},
  publisher={IEEE}
}

@article{chacon_pic_pbp,
  title={Fluid preconditioning for Newton--Krylov-based, fully implicit, electrostatic particle-in-cell simulations},
  author={Chen, Guangye and Chac{\'o}n, Luis and Leibs, Christopher A and Knoll, Dana A and Taitano, William},
  journal={Journal of computational physics},
  volume={258},
  pages={555--567},
  year={2014},
  publisher={Elsevier}
}

@article{chacon20032d,
  title={A 2D high-$\beta$ Hall MHD implicit nonlinear solver},
  author={Chac{\'o}n, Luis and Knoll, Dana A},
  journal={Journal of Computational Physics},
  volume={188},
  number={2},
  pages={573--592},
  year={2003},
  publisher={Elsevier}
}

@article{viallet2016jacobian,
  title={A Jacobian-free Newton-Krylov method for time-implicit multidimensional hydrodynamics-Physics-based preconditioning for sound waves and thermal diffusion},
  author={Viallet, Maxime and Goffrey, Tom and Baraffe, Isabelle and Folini, Doris and Geroux, Chris and Popov, MV and Pratt, Jane and Walder, Rolf},
  journal={Astronomy \& Astrophysics},
  volume={586},
  pages={A153},
  year={2016},
  publisher={EDP Sciences}
}

@article{park2009physics,
  title={On physics-based preconditioning of the Navier--Stokes equations},
  author={Park, HyeongKae and Nourgaliev, Robert R and Martineau, Richard C and Knoll, Dana A},
  journal={Journal of Computational Physics},
  volume={228},
  number={24},
  pages={9131--9146},
  year={2009},
  publisher={Elsevier}
}

@article{lapenta,
  title={Exactly energy conserving semi-implicit particle in cell formulation},
  author={Lapenta, Giovanni},
  journal={Journal of Computational Physics},
  volume={334},
  pages={349--366},
  year={2017},
  publisher={Elsevier}
}